@misc{BlazeDesign,
  title={Build in the Cloud: How the Build System works},
  year=2011,
  author={Christian Kemper},
  note = {Dostupné z \url{http://google-engtools.blogspot.sk/2011/08/build-in-cloud-how-build-system-works.html}},
}

@misc{BazelRoadmap,
  title={Bazel Feature Roadmap},
  note = {Dostupné z \url{http://bazel.io/roadmap.html}},
}

@misc{GolangFeatures,
  title={The Go Programming Language Specification},
  note = {Dostupné z \url{https://golang.org/ref/spec#Introduction}},
}

@misc{GolangInterface,
  title={Effective Go - Interfaces},
  note = {Dostupné z \url{https://golang.org/doc/effective_go.html#interfaces}},
}

@misc{GolangGobs,
  title={The Go Blog - Gobs of data},
  year=2011,
  author={Rob Pike},
  note = {Dostupné z \url{https://blog.golang.org/gobs-of-data}},
}

@misc{GolangSimpleyaml,
  title={simpleyaml - GoDoc},
  note = {Dostupné z \url{https://godoc.org/github.com/smallfish/simpleyaml}},
}

@misc{YAMLJSONCompat,
  title={YAML 1.2 Specification - Relation to JSON},
  note = {Dostupné z \url{http://www.yaml.org/spec/1.2/spec.html#id2759572}},
}

@misc{YAMLSpec,
  title={YAML Ain't Markup Language (YAML) Version 1.2},
  note = {Dostupné z \url{http://www.yaml.org/spec/1.2/spec.html}},
}
